@book{knuth1984,
  author    = {Donald E. Knuth},
  title     = {The TeXbook},
  publisher = {Addison-Wesley},
  year      = {1984},
  edition   = {1st},
  address   = {Reading, Massachusetts}
}

@book{lamport1994,
  author    = {Leslie Lamport},
  title     = {LaTeX: A Document Preparation System},
  publisher = {Addison-Wesley},
  year      = {1994},
  edition   = {2nd}
}

@article{einstein1905,
  author  = {Albert Einstein},
  title   = {Zur Elektrodynamik bewegter Körper},
  journal = {Annalen der Physik},
  volume  = {322},
  number  = {10},
  pages   = {891--921},
  year    = {1905},
  doi     = {10.1002/andp.19053221004}
}

@article{turing1936,
  author  = {Alan Turing},
  title   = {On Computable Numbers, with an Application to the Entscheidungsproblem},
  journal = {Proceedings of the London Mathematical Society},
  volume  = {42},
  pages   = {230--265},
  year    = {1936}
}

@inproceedings{shannon1948,
  author    = {Claude E. Shannon},
  title     = {A Mathematical Theory of Communication},
  booktitle = {Bell System Technical Journal},
  volume    = {27},
  number    = {3},
  pages     = {379--423},
  year      = {1948}
}

@inproceedings{smith2020,
  author    = {John Smith and Jane Doe},
  title     = {Deep Learning for Traffic Analysis},
  booktitle = {Proceedings of the International Conference on AI},
  pages     = {100--110},
  year      = {2020}
}

@techreport{nist2001,
  author      = {National Institute of Standards and Technology (NIST)},
  title       = {Digital Signature Standard (DSS)},
  institution = {NIST},
  year        = {2001},
  number      = {FIPS PUB 186-2}
}

@misc{latexproject,
  author       = {LaTeX Project},
  title        = {LaTeX – A Document Preparation System},
  howpublished = {\url{https://www.latex-project.org/}},
  year         = {2025},
  note         = {Accessed: 2025-09-25}
}

@misc{overleaf2025,
  author       = {Overleaf},
  title        = {Overleaf – Online LaTeX Editor},
  howpublished = {\url{https://www.overleaf.com/}},
  year         = {2025},
  note         = {Accessed: 2025-09-25}
}

@phdthesis{johnson2018,
  author      = {Michael Johnson},
  title       = {Advanced Traffic Violation Detection Using Deep Learning},
  school      = {Stanford University},
  year        = {2018},
  address     = {Stanford, California}
}

@book{lamport2021,
  author    = {Leslie Lamport},
  title     = {LaTeX2e for Beginners},
  publisher = {Springer},
  year      = {2021}
}

@article{he2016,
  author  = {Kaiming He and Xiangyu Zhang and Shaoqing Ren and Jian Sun},
  title   = {Deep Residual Learning for Image Recognition},
  journal = {Proceedings of the IEEE Conference on Computer Vision and Pattern Recognition (CVPR)},
  pages   = {770--778},
  year    = {2016}
}

@inproceedings{krizhevsky2012,
  author    = {Alex Krizhevsky and Ilya Sutskever and Geoffrey E. Hinton},
  title     = {ImageNet Classification with Deep Convolutional Neural Networks},
  booktitle = {Advances in Neural Information Processing Systems (NIPS)},
  pages     = {1097--1105},
  year      = {2012}
}

@techreport{ieee80211,
  author      = {IEEE Standards Association},
  title       = {IEEE 802.11: Wireless LAN Medium Access Control (MAC) and Physical Layer (PHY) Specifications},
  institution = {IEEE},
  year        = {2016}
}

@book{bishop2006,
  author    = {Christopher M. Bishop},
  title     = {Pattern Recognition and Machine Learning},
  publisher = {Springer},
  year      = {2006}
}

@article{lecun2015,
  author  = {Yann LeCun and Yoshua Bengio and Geoffrey Hinton},
  title   = {Deep Learning},
  journal = {Nature},
  volume  = {521},
  pages   = {436--444},
  year    = {2015}
}

@misc{wikipedia2025,
  author       = {Wikipedia},
  title        = {Artificial Intelligence},
  howpublished = {\url{https://en.wikipedia.org/wiki/Artificial_intelligence}},
  year         = {2025},
  note         = {Accessed: 2025-09-25}
}

@phdthesis{lee2019,
  author      = {Samantha Lee},
  title       = {IoT-based Smart Attendance System},
  school      = {MIT},
  year        = {2019}
}

@inproceedings{chen2021,
  author    = {Li Chen and Wei Zhang},
  title     = {Edge Computing for Real-time Analytics},
  booktitle = {Proceedings of the IEEE International Conference on Cloud Computing},
  pages     = {55--62},
  year      = {2021}
}
